@article{article1,
author = {Toet, Alexander and Wu, Tirui},
year = {2014},
month = {12},
pages = {063017},
title = {Efficient contrast enhancement through log-power histogram modification},
volume = {23},
journal = {Journal of Electronic Imaging},
doi = {10.1117/1.JEI.23.6.063017}
}